<record><leader>00000cas a22000007a 4500</leader><controlfield tag="001">17387043</controlfield><controlfield tag="008">880125d187719uutxudr ne      0    0eng d</controlfield><datafield ind1=" " ind2=" " tag="010"><subfield code="a">sn 88083063 </subfield><subfield code="z">sn 86089246 </subfield></datafield><datafield ind1=" " ind2=" " tag="040"><subfield code="a">PPM</subfield><subfield code="b">eng</subfield><subfield code="c">PPM</subfield><subfield code="d">OCL</subfield><subfield code="d">OCLCQ</subfield></datafield><datafield ind1=" " ind2=" " tag="019"><subfield code="a">14062742</subfield></datafield><datafield ind1=" " ind2=" " tag="042"><subfield code="a">msc</subfield></datafield><datafield ind1="0" ind2=" " tag="130"><subfield code="a">Denison daily herald (Denison, Tex. : 1877)</subfield></datafield><datafield ind1="1" ind2="0" tag="245"><subfield code="a">Denison daily herald.</subfield></datafield><datafield ind1=" " ind2=" " tag="260"><subfield code="a">Denison, Tex. :</subfield><subfield code="b">J.W. Burson,</subfield><subfield code="c">1877-</subfield></datafield><datafield ind1=" " ind2=" " tag="310"><subfield code="a">Daily</subfield></datafield><datafield ind1="0" ind2=" " tag="362"><subfield code="a">Vol. 1, no. 1 (Sept. 3, 1877)-</subfield></datafield><datafield ind1=" " ind2=" " tag="752"><subfield code="a">United States</subfield><subfield code="b">Texas</subfield><subfield code="c">Grayson</subfield><subfield code="d">Denison.</subfield></datafield><datafield ind1="0" ind2="0" tag="780"><subfield code="t">Denison daily cresset</subfield><subfield code="w">(DLC)sn 83021365</subfield></datafield><datafield ind1="0" ind2="0" tag="785"><subfield code="t">Denison herald</subfield><subfield code="w">(DLC)sn 86089408</subfield></datafield><datafield ind1="1" ind2=" " tag="029"><subfield code="a">AU@</subfield><subfield code="b">000025794372</subfield></datafield></record>